<record><leader>00000cas a22000007a 4500</leader><controlfield tag="001">31641041</controlfield><controlfield tag="008">941209d19431944cauer ne      0    0eng d</controlfield><datafield ind1=" " ind2=" " tag="010"><subfield code="a">sn 94052720 </subfield></datafield><datafield ind1=" " ind2=" " tag="040"><subfield code="a">CUY</subfield><subfield code="b">eng</subfield><subfield code="c">CNK</subfield><subfield code="d">OCLCQ</subfield><subfield code="d">OCLCO</subfield></datafield><datafield ind1="1" ind2=" " tag="029"><subfield code="a">AU@</subfield><subfield code="b">000011427509</subfield></datafield><datafield ind1=" " ind2=" " tag="042"><subfield code="a">msc</subfield></datafield><datafield ind1=" " ind2=" " tag="043"><subfield code="a">n-us-ca</subfield></datafield><datafield ind1="0" ind2="4" tag="245"><subfield code="a">The bombsighter.</subfield></datafield><datafield ind1=" " ind2=" " tag="260"><subfield code="a">Santa Maria, Calif. :</subfield><subfield code="b">Santa Maria Daily Times</subfield></datafield><datafield ind1=" " ind2=" " tag="300"><subfield code="a">v.</subfield></datafield><datafield ind1=" " ind2=" " tag="310"><subfield code="a">Biweekly,</subfield><subfield code="b">Sept. 29, 1943-Apr. 26, 1944</subfield></datafield><datafield ind1=" " ind2=" " tag="321"><subfield code="a">Weekly,</subfield><subfield code="b">Apr. 7, 1943-Sept. 22, 1943</subfield></datafield><datafield ind1="0" ind2=" " tag="362"><subfield code="a">Vol. 1, no. 1 (Apr. 7, 1943)-v. 2, no. 2 (Apr. 26, 1944).</subfield></datafield><datafield ind1=" " ind2=" " tag="500"><subfield code="a">"In the interests of the personnel of Santa Maria Army Air Base, Calif."</subfield></datafield><datafield ind1=" " ind2=" " tag="515"><subfield code="a">Suspended with Sept. 29, 1943 issue; resumed with Dec. 1, 1943 issue.</subfield></datafield><datafield ind1=" " ind2="0" tag="650"><subfield code="a">Military bases</subfield><subfield code="z">California</subfield><subfield code="v">Newspapers.</subfield></datafield><datafield ind1=" " ind2="0" tag="651"><subfield code="a">Santa Maria Army Air Base (Calif.)</subfield><subfield code="v">Newspapers.</subfield></datafield><datafield ind1=" " ind2=" " tag="752"><subfield code="a">United States</subfield><subfield code="b">California</subfield><subfield code="c">Santa Barbara</subfield><subfield code="d">Santa Maria.</subfield></datafield><datafield ind1="0" ind2="0" tag="785"><subfield code="t">Fighter pilot</subfield><subfield code="w">(DLC)sn 94052721</subfield></datafield></record>